<record><leader>00000cas a22000007a 4500</leader><controlfield tag="001">9449415</controlfield><controlfield tag="008">830426d19661967meuwr ne      0   b0fre d</controlfield><datafield ind1=" " ind2=" " tag="010"><subfield code="a">sn 83045330 </subfield></datafield><datafield ind1=" " ind2=" " tag="040"><subfield code="a">CRL</subfield><subfield code="b">eng</subfield><subfield code="c">CRL</subfield><subfield code="d">NPW</subfield><subfield code="d">NYS</subfield><subfield code="d">NSD</subfield><subfield code="d">MBN</subfield><subfield code="d">OCLCQ</subfield><subfield code="d">OCLCF</subfield><subfield code="d">OCLCO</subfield><subfield code="d">OCLCQ</subfield></datafield><datafield ind1="0" ind2=" " tag="022"><subfield code="a">1055-7075</subfield><subfield code="l">1055-7075</subfield><subfield code="2">1</subfield></datafield><datafield ind1="0" ind2=" " tag="041"><subfield code="a">fre</subfield><subfield code="a">eng</subfield></datafield><datafield ind1=" " ind2=" " tag="042"><subfield code="a">msc</subfield><subfield code="a">nsdp</subfield></datafield><datafield ind1=" " ind2=" " tag="043"><subfield code="a">n-us-me</subfield></datafield><datafield ind1="1" ind2="0" tag="082"><subfield code="a">071</subfield><subfield code="2">12</subfield></datafield><datafield ind1="0" ind2=" " tag="210"><subfield code="a">Nouveau messager</subfield></datafield><datafield ind1=" " ind2="3" tag="222"><subfield code="a">Le Nouveau messager</subfield></datafield><datafield ind1="0" ind2="3" tag="245"><subfield code="a">Le Nouveau messager.</subfield></datafield><datafield ind1="1" ind2="3" tag="246"><subfield code="a">Nouveau le messager</subfield></datafield><datafield ind1=" " ind2=" " tag="260"><subfield code="a">Lewiston, Me. :</subfield><subfield code="b">Le Messager Pub. Co.,</subfield><subfield code="c">1966-1967.</subfield></datafield><datafield ind1=" " ind2=" " tag="300"><subfield code="a">1 volume :</subfield><subfield code="b">illustrations</subfield></datafield><datafield ind1=" " ind2=" " tag="310"><subfield code="a">Weekly</subfield></datafield><datafield ind1=" " ind2=" " tag="336"><subfield code="a">text</subfield><subfield code="b">txt</subfield><subfield code="2">rdacontent</subfield></datafield><datafield ind1=" " ind2=" " tag="337"><subfield code="a">unmediated</subfield><subfield code="b">n</subfield><subfield code="2">rdamedia</subfield></datafield><datafield ind1=" " ind2=" " tag="338"><subfield code="a">volume</subfield><subfield code="b">nc</subfield><subfield code="2">rdacarrier</subfield></datafield><datafield ind1="0" ind2=" " tag="362"><subfield code="a">87ie&#768;me anne&#769;e, no. 18 (25 aou&#770;t 1966)-87ie&#768;me anne&#769;e, no. 39 (26 janv. 1967).</subfield></datafield><datafield ind1=" " ind2=" " tag="500"><subfield code="a">Title varies slightly.</subfield></datafield><datafield ind1=" " ind2=" " tag="546"><subfield code="a">In French and English.</subfield></datafield><datafield ind1=" " ind2="0" tag="651"><subfield code="a">Lewiston (Me.)</subfield><subfield code="v">Newspapers.</subfield></datafield><datafield ind1=" " ind2="7" tag="651"><subfield code="a">Maine</subfield><subfield code="z">Lewiston.</subfield><subfield code="2">fast</subfield><subfield code="0">(OCoLC)fst01220199</subfield></datafield><datafield ind1=" " ind2="7" tag="655"><subfield code="a">Newspapers.</subfield><subfield code="2">fast</subfield><subfield code="0">(OCoLC)fst01423814</subfield></datafield><datafield ind1=" " ind2=" " tag="752"><subfield code="a">United States</subfield><subfield code="b">Maine</subfield><subfield code="c">Androscoggin</subfield><subfield code="d">Lewiston.</subfield></datafield><datafield ind1="0" ind2="0" tag="780"><subfield code="t">Messager (Lewiston, Me. : 1880)</subfield><subfield code="x">1055-7083</subfield><subfield code="w">(DLC)sn 91001372</subfield><subfield code="w">(OCoLC)23249132</subfield></datafield><datafield ind1="0" ind2="0" tag="785"><subfield code="t">Messager (Lewiston, Me. : 1967)</subfield><subfield code="x">1055-7091</subfield><subfield code="w">(DLC)sn 83045331</subfield><subfield code="w">(OCoLC)9425373</subfield></datafield><datafield ind1="1" ind2=" " tag="029"><subfield code="a">AU@</subfield><subfield code="b">000020266321</subfield></datafield></record>